@inproceedings{papernot2017practical,
    author = {Papernot, Nicolas and McDaniel, Patrick and Goodfellow, Ian and Jha, Somesh and Celik, Z. Berkay and Swami, Ananthram},
    title = {Practical Black-Box Attacks against Machine Learning},
    year = {2017},
    isbn = {9781450349444},
    publisher = {Association for Computing Machinery},
    address = {New York, NY, USA},
    doi = {10.1145/3052973.3053009},
    booktitle = {Proceedings of the 2017 ACM on Asia Conference on Computer and Communications Security},
    pages = {506â€“519},
    numpages = {14},
    keywords = {machine learning, adversarial machine learning, black-box attack},
    location = {Abu Dhabi, United Arab Emirates},
    series = {ASIA CCS '17}
}

@online{goodfellow2017attacking,
    title = {Attacking Machine Learning with Adversarial Examples},
    author = {Ian Goodfellow and Nicolas Papernot and Sandy Huang and Rocky Duan and Pieter Abbeel and Jack Clark},
    date = {2017-02-24},
    url = {https://openai.com/blog/adversarial-example-research/},
    urldate = {2020-11-02}
}
